@book{zinth,
  title={Optik: Lichtstrahlen - Wellen - Photonen},
  author={Zinth, W. and Zinth, U.},
  isbn={9783486721362},
  url={https://books.google.de/books?id=FDb179jp31QC},
  year={2013},
  publisher={Oldenbourg Wissenschaftsverlag}
}

@book{demtr√∂der,
  title={Experimentalphysik 2: Elektrizit{\"a}t und Optik},
  author={Demtr{\"o}der, W.},
  isbn={9783642299445},
  series={Springer-Lehrbuch},
  url={https://books.google.de/books?id=HBoeBAAAQBAJ},
  year={2014},
  publisher={Springer Berlin Heidelberg}
}

@book{hecht2009optik,
  title={Optik},
  author={Hecht, E.},
  isbn={9783486588613},
  lccn={2014011457},
  series={de Gruyter - Studium},
  url={https://books.google.de/books?id=rb1RPgAACAAJ},
  year={2009},
  publisher={Oldenbourg}
}

@book{meschede2015gerthsen,
  title={Gerthsen Physik},
  author={Meschede, D.},
  isbn={9783662459775},
  series={Springer-Lehrbuch},
  url={https://books.google.de/books?id=qW7dBgAAQBAJ},
  year={2015},
  publisher={Springer Berlin Heidelberg}
}

@book{schey2005div,
  title={Div, Grad, Curl, and All that: An Informal Text on Vector Calculus},
  author={Schey, H.M.},
  isbn={9780393925166},
  lccn={91045209},
  url={https://books.google.de/books?id=sembQgAACAAJ},
  year={2005},
  publisher={W.W. Norton}
}
